@article{LuongPM15,
  author    = {Minh{-}Thang Luong and
               Hieu Pham and
               Christopher D. Manning},
  title     = {Effective Approaches to Attention-based Neural Machine Translation},
  journal   = {CoRR},
  volume    = {abs/1508.04025},
  year      = {2015},
  url       = {http://arxiv.org/abs/1508.04025},
  archivePrefix = {arXiv},
  eprint    = {1508.04025},
  timestamp = {Mon, 13 Aug 2018 16:46:14 +0200},
  biburl    = {https://dblp.org/rec/bib/journals/corr/LuongPM15},
  bibsource = {dblp computer science bibliography, https://dblp.org}
}

@article{young2018recent,
  title={Recent trends in deep learning based natural language processing},
  author={Young, Tom and Hazarika, Devamanyu and Poria, Soujanya and Cambria, Erik},
  journal={ieee Computational intelligenCe magazine},
  volume={13},
  number={3},
  pages={55--75},
  year={2018},
  publisher={IEEE}
}
@article{tao18Self,
  author    = {Tao Shen and
               Tianyi Zhou and
               Guodong Long and
               Jing Jiang and
               Chengqi Zhang},
  title     = {Fast Directional Self-Attention Mechanism},
  journal   = {CoRR},
  volume    = {abs/1805.00912},
  year      = {2018},
  url       = {http://arxiv.org/abs/1805.00912},
  archivePrefix = {arXiv},
  eprint    = {1805.00912},
  timestamp = {Tue, 12 Feb 2019 20:51:03 +0100},
  biburl    = {https://dblp.org/rec/bib/journals/corr/abs-1805-00912},
  bibsource = {dblp computer science bibliography, https://dblp.org}
}
@misc{bah2015,
Author = {Dzmitry Bahdanau and Kyunghyun Cho and Yoshua Bengio},
Title = {Neural Machine Translation by Jointly Learning to Align and Translate},
Year = {2014},
Eprint = {arXiv:1409.0473},
}
@article{structatten,
  author    = {Yoon Kim and
               Carl Denton and
               Luong Hoang and
               Alexander M. Rush},
  title     = {Structured Attention Networks},
  journal   = {CoRR},
  volume    = {abs/1702.00887},
  year      = {2017},
  url       = {http://arxiv.org/abs/1702.00887},
  archivePrefix = {arXiv},
  eprint    = {1702.00887},
  timestamp = {Mon, 13 Aug 2018 16:47:57 +0200},
  biburl    = {https://dblp.org/rec/bib/journals/corr/KimDHR17},
  bibsource = {dblp computer science bibliography, https://dblp.org}
}
@INPROCEEDINGS{bilstm,
author={A. {Graves} and J. {Schmidhuber}},
booktitle={Proceedings. 2005 IEEE International Joint Conference on Neural Networks, 2005.},
title={Framewise phoneme classification with bidirectional LSTM networks},
year={2005},
volume={4},
number={},
pages={2047-2052 vol. 4},
keywords={speech recognition;recurrent neural nets;signal classification;bidirectional training;long short term memory network;framewise phoneme classification;continuous speech recognition;speech database;recurrent neural networks;Speech recognition;Recurrent neural networks;Electronic mail;Databases;Acoustic measurements;Neural networks;Hidden Markov models;Memory architecture;Error correction;Data analysis},
doi={10.1109/IJCNN.2005.1556215},
ISSN={},
month={July},}


@article{bengio1994,
author={Y. {Bengio} and P. {Simard} and P. {Frasconi}},
journal={IEEE Transactions on Neural Networks},
title={Learning long-term dependencies with gradient descent is difficult},
year={1994},
volume={5},
number={2},
pages={157-166},
keywords={recurrent neural nets;learning (artificial intelligence);numerical analysis;long-term dependencies;gradient descent;recognition;production problems;prediction problems;recurrent neural network training;temporal contingencies;input/output sequence mapping;efficient learning;Recurrent neural networks;Production;Delay effects;Intelligent networks;Neural networks;Discrete transforms;Computer networks;Cost function;Neurofeedback;Displays},
doi={10.1109/72.279181},
ISSN={},
month={March},
}

@article{lstm1997,
 author = {Hochreiter, Sepp and Schmidhuber, J\"{u}rgen},
 title = {Long Short-Term Memory},
 journal = {Neural Comput.},
 issue_date = {November 15, 1997},
 volume = {9},
 number = {8},
 month = nov,
 year = {1997},
 issn = {0899-7667},
 pages = {1735--1780},
 numpages = {46},
 url = {http://dx.doi.org/10.1162/neco.1997.9.8.1735},
 doi = {10.1162/neco.1997.9.8.1735},
 acmid = {1246450},
 publisher = {MIT Press},
 address = {Cambridge, MA, USA},
} 

@article{wang2018cross,
  title={Cross-type biomedical named entity recognition with deep multi-task learning},
  author={Wang, Xuan and Zhang, Yu and Ren, Xiang and Zhang, Yuhao and Zitnik, Marinka and Shang, Jingbo and Langlotz, Curtis and Han, Jiawei},
  journal={Bioinformatics},
  volume={35},
  number={10},
  pages={1745--1752},
  year={2018},
  publisher={Oxford University Press}
}

@article{habibi2017deep,
  title={Deep learning with word embeddings improves biomedical named entity recognition},
  author={Habibi, Maryam and Weber, Leon and Neves, Mariana and Wiegandt, David Luis and Leser, Ulf},
  journal={Bioinformatics},
  volume={33},
  number={14},
  pages={i37--i48},
  year={2017},
  publisher={Oxford University Press}
}

@article{crichton2017neural,
  title={A neural network multi-task learning approach to biomedical named entity recognition},
  author={Crichton, Gamal and Pyysalo, Sampo and Chiu, Billy and Korhonen, Anna},
  journal={BMC bioinformatics},
  volume={18},
  number={1},
  pages={368},
  year={2017},
  publisher={BioMed Central}
}

@article{ma2016end,
  title={End-to-end sequence labeling via bi-directional lstm-cnns-crf},
  author={Ma, Xuezhe and Hovy, Eduard},
  journal={arXiv preprint arXiv:1603.01354},
  year={2016}
}

@article{lafferty2001conditional,
  title={Conditional random fields: Probabilistic models for segmenting and labeling sequence data},
  author={Lafferty, John and McCallum, Andrew and Pereira, Fernando CN},
  year={2001}
}

@article{lample2016neural,
  title={Neural architectures for named entity recognition},
  author={Lample, Guillaume and Ballesteros, Miguel and Subramanian, Sandeep and Kawakami, Kazuya and Dyer, Chris},
  journal={arXiv preprint arXiv:1603.01360},
  year={2016}
}

@inproceedings{liu2018empower,
  title={Empower sequence labeling with task-aware neural language model},
  author={Liu, Liyuan and Shang, Jingbo and Ren, Xiang and Xu, Frank Fangzheng and Gui, Huan and Peng, Jian and Han, Jiawei},
  booktitle={Thirty-Second AAAI Conference on Artificial Intelligence},
  year={2018}
}

@inproceedings{vaswani2017attention,
  title={Attention is all you need},
  author={Vaswani, Ashish and Shazeer, Noam and Parmar, Niki and Uszkoreit, Jakob and Jones, Llion and Gomez, Aidan N and Kaiser, {\L}ukasz and Polosukhin, Illia},
  booktitle={Advances in neural information processing systems},
  pages={5998--6008},
  year={2017}
}

@article{lee2019biobert,
  title={Biobert: pre-trained biomedical language representation model for biomedical text mining},
  author={Lee, Jinhyuk and Yoon, Wonjin and Kim, Sungdong and Kim, Donghyeon and Kim, Sunkyu and So, Chan Ho and Kang, Jaewoo},
  journal={arXiv preprint arXiv:1901.08746},
  year={2019}
}

@article{devlin2018bert,
  title={Bert: Pre-training of deep bidirectional transformers for language understanding},
  author={Devlin, Jacob and Chang, Ming-Wei and Lee, Kenton and Toutanova, Kristina},
  journal={arXiv preprint arXiv:1810.04805},
  year={2018}
}

@article{moen2013distributional,
  title={Distributional semantics resources for biomedical text processing},
  author={Moen, SPFGH and Ananiadou, Tapio Salakoski2 Sophia},
  journal={Proceedings of LBM},
  pages={39--44},
  year={2013}
}

@article{shang2018learning,
  title={Learning named entity tagger using domain-specific dictionary},
  author={Shang, Jingbo and Liu, Liyuan and Ren, Xiang and Gu, Xiaotao and Ren, Teng and Han, Jiawei},
  journal={arXiv preprint arXiv:1809.03599},
  year={2018}
}